@article{wolpaw2004control,
  title={Control of a two-dimensional movement signal by a noninvasive brain-computer interface in humans},
  author={Wolpaw, Jonathan R and McFarland, Dennis J},
  journal={Proceedings of the National Academy of Sciences},
  volume={101},
  number={51},
  pages={17849--17854},
  year={2004},
  publisher={National Acad Sciences}
}

@article{brunner2008bci,
  title={BCI competition 2008--graz data set a},
  author={Brunner, Clemens and Leeb, Robert and M{\"u}ller-Putz, Gerwin and Schl{\"o}gl, Alois and Pfurtscheller, Gert},
  journal={Institute for Knowledge Discovery (Laboratory of Brain-Computer Interfaces), Graz University of Technology},
  volume={16},
  pages={1--6},
  year={2008}
}

@article{pfurtscheller1999motor,
  title={Motor imagery and direct brain-computer communication},
  author={Pfurtscheller, Gert and Neuper, Christa},
  journal={Proceedings of the IEEE},
  volume={87},
  number={7},
  pages={1123--1134},
  year={1999},
  publisher={IEEE}
}

@article{ramoser2000optimal,
  title={Optimal spatial filtering of single trial EEG during imagined hand movement},
  author={Ramoser, Herbert and Muller-Gerking, Johannes and Pfurtscheller, Gert},
  journal={IEEE transactions on rehabilitation engineering},
  volume={8},
  number={4},
  pages={441--446},
  year={2000},
  publisher={IEEE}
}

@inproceedings{tangermann2012review,
  title={Review of the BCI competition IV},
  author={Tangermann, Michael and M{\"u}ller, Klaus-Robert and Aertsen, Ad and Birbaumer, Niels and Braun, Christoph and Brunner, Clemens and Leeb, Robert and Mehring, Carsten and Miller, Kai J and M{\"u}ller-Putz, Gerwin and others},
  booktitle={Frontiers in neuroscience},
  volume={6},
  pages={55},
  year={2012},
  publisher={Frontiers Media SA}
}

@article{gramfort2013meg,
  title={MEG and EEG data analysis with MNE-Python},
  author={Gramfort, Alexandre and Luessi, Martin and Larson, Eric and Engemann, Denis A and Strohmeier, Daniel and Brodbeck, Christian and Goj, Roman and Jas, Mainak and Brooks, Teon and Parkkonen, Lauri and others},
  journal={Frontiers in neuroscience},
  volume={7},
  pages={267},
  year={2013},
  publisher={Frontiers Media SA}
}

@article{delorme2004eeglab,
  title={EEGLAB: an open source toolbox for analysis of single-trial EEG dynamics including independent component analysis},
  author={Delorme, Arnaud and Makeig, Scott},
  journal={Journal of neuroscience methods},
  volume={134},
  number={1},
  pages={9--21},
  year={2004},
  publisher={Elsevier}
}

@article{hyvarinen2000ica,
  title={Independent component analysis: algorithms and applications},
  author={Hyv{\"a}rinen, Aapo and Oja, Erkki},
  journal={Neural Networks},
  volume={13},
  number={4-5},
  pages={411--430},
  year={2000},
  publisher={Elsevier}
}

@article{hjorth1970eeg,
  title={EEG analysis based on time domain properties},
  author={Hjorth, Bo},
  journal={Electroencephalography and clinical neurophysiology},
  volume={29},
  number={3},
  pages={306--310},
  year={1970},
  publisher={Elsevier}
}

@article{pedregosa2011scikit,
  title={Scikit-learn: Machine learning in Python},
  author={Pedregosa, Fabian and Varoquaux, Ga{\"e}l and Gramfort, Alexandre and Michel, Vincent and Thirion, Bertrand and Grisel, Olivier and Blondel, Mathieu and Prettenhofer, Peter and Weiss, Ron and Dubourg, Vincent and others},
  journal={Journal of machine learning research},
  volume={12},
  pages={2825--2830},
  year={2011}
}

@article{lotte2018review,
  title={A review of classification algorithms for EEG-based brain--computer interfaces: a 10 year update},
  author={Lotte, Fabien and Bougrain, Laurent and Cichocki, Andrzej and Clerc, Maureen and Congedo, Marco and Rakotomamonjy, Alain and Yger, Florian},
  journal={Journal of neural engineering},
  volume={15},
  number={3},
  pages={031005},
  year={2018},
  publisher={IOP Publishing}
}
